@article{a1,
  title={A Novel Proof of the Heine-Borel Theorem},
  author={Macauley, Matthew and Rabern, Brian and Rabern, Landon},
  journal={arXiv preprint arXiv:0808.0844},
  year={2008}
}